@book{heath,
  title={A history of Greek mathematics},
  author={Heath, Thomas Little},
  volume={1},
  year={1921},
  publisher={Clarendon Press}
}

@book{Boyer,
  title={A history of mathematics},
  author={Boyer, Carl B and Merzbach, Uta C},
  year={2011},
  publisher={John Wiley \& Sons}
}
